@article{may2016cryptococcus,
  title={Cryptococcus: from environmental saprophyte to global pathogen},
  author={May, Robin C and Stone, Neil RH and Wiesner, Darin L and Bicanic, Tihana and Nielsen, Kirsten},
  journal={Nature Reviews Microbiology},
  volume={14},
  number={2},
  pages={106--117},
  year={2016},
  publisher={Nature Publishing Group}
}

@article{love2014moderated,
  title={Moderated estimation of fold change and dispersion for RNA-seq data with DESeq2},
  author={Love, Michael I and Huber, Wolfgang and Anders, Simon},
  journal={Genome biology},
  volume={15},
  number={12},
  pages={1--21},
  year={2014},
  publisher={BioMed Central}
}

@article{ridgeway2007all,
  title={All of Nonparametric Statistics, Larry Wasserman},
  author={Ridgeway, Greg},
  journal={Journal of the American Statistical Association},
  volume={102},
  pages={389--389},
  year={2007},
  publisher={American Statistical Association}
}

@article{kursa2010feature,
  title={Feature selection with the Boruta package},
  author={Kursa, Miron B and Rudnicki, Witold R and others},
  journal={J Stat Softw},
  volume={36},
  number={11},
  pages={1--13},
  year={2010}
}

@article{varian2014big,
  title={Big data: New tricks for econometrics},
  author={Varian, Hal R},
  journal={Journal of Economic Perspectives},
  volume={28},
  number={2},
  pages={3--28},
  year={2014}
}

@techreport{eaton1983gauss,
  title={The Gauss-Markov theorem in multivariate analysis},
  author={Eaton, Morris L},
  year={1983},
  institution={University of Minnesota}
}