@article{zeldow2019semiparametric,
  title={A semiparametric modeling approach using Bayesian additive regression trees with an application to evaluate heterogeneous treatment effects},
  author={Zeldow, Bret and Re III, Vincent Lo and Roy, Jason},
  journal={The annals of applied statistics},
  volume={13},
  number={3},
  pages={1989},
  year={2019},
  publisher={NIH Public Access}
}