% for model explanation
@article{shapley1953value,
  title={A value for n-person games},
  author={Shapley, Lloyd S},
  journal={Contributions to the Theory of Games},
  volume={2},
  number={28},
  pages={307--317},
  year={1953}
}

% for neural networks
@misc{mlpr,
  author        = {Murray, Iain and Onken, Arno.},
  title         = {Lecture notes in Machine Learning and Pattern Recognition},
  month         = {Autumn},
  year          = {2020},
  publisher     = {University of Edinburgh}
}

% for PCA
@misc{dme,
  author        = {Gutmann, Michael and Onken, Arno},
  title         = {Lecture notes in Data Mining and Exploration},
  month         = {January},
  year          = {2021},
  publisher     = {University of Edinburgh}
}

% for entropy
@article{shannon,
  author={Shannon, C. E.},
  journal={The Bell System Technical Journal}, 
  title={A mathematical theory of communication}, 
  year={1948},
  volume={27},
  number={3},
  pages={379-423},
  doi={10.1002/j.1538-7305.1948.tb01338.x}
}
  
% why Bayesian layers help with classifying uncertainty
@article{tran2018bayesian,
  title={Bayesian layers: A module for neural network uncertainty},
  author={Tran, Dustin and Dusenberry, Michael W and van der Wilk, Mark and Hafner, Danijar},
  journal={arXiv preprint arXiv:1812.03973},
  year={2018}
}

% mc dropout other uses
@inproceedings{miok2019generating,
  title={Generating data using Monte Carlo dropout},
  author={Miok, Kristian and Nguyen-Doan, Dong and Zaharie, Daniela and Robnik-{\v{S}}ikonja, Marko},
  booktitle={2019 IEEE 15th International Conference on Intelligent Computer Communication and Processing (ICCP)},
  pages={509--515},
  year={2019},
  organization={IEEE}
}

% for anomaly dection with NN examples for military
@INPROCEEDINGS{military,
  author={Brotherton, T. and Johnson, T.},
  booktitle={2001 IEEE Aerospace Conference Proceedings (Cat. No.01TH8542)}, 
  title={Anomaly detection for advanced military aircraft using neural networks}, 
  year={2001},
  volume={6},
  number={},
  pages={3113-3123 vol.6},
  doi={10.1109/AERO.2001.931329}
}
  
% for anomaly dection with NN examples for cybersecurity
@INPROCEEDINGS{cyber,
  author={Goh, Jonathan and Adepu, Sridhar and Tan, Marcus and Lee, Zi Shan}, 
  booktitle={2017 IEEE 18th International Symposium on High Assurance Systems Engineering (HASE},
  title={Anomaly Detection in Cyber Physical Systems Using Recurrent Neural Networks},
  year={2017},
  volume={},
  number={},
  pages={140-145},
  doi={10.1109/HASE.2017.36}
}
  
% for anomaly dection with NN examples for Internet Traffic
@ARTICLE{traffic,
  author={Auld, Tom and Moore, Andrew W. and Gull, Stephen F.},
  journal={IEEE Transactions on Neural Networks}, 
  title={Bayesian Neural Networks for Internet Traffic Classification}, 
  year={2007},
  volume={18},
  number={1},
  pages={223-239},
  doi={10.1109/TNN.2006.883010}
}

% outliers definition
@incollection{aggarwal2017introduction,
  title={An introduction to outlier analysis},
  author={Aggarwal, Charu C},
  booktitle={Outlier analysis},
  pages={1--34},
  year={2017},
  publisher={Springer}
}

% for t-SNE
@article{van2008visualizing,
  title={Visualizing data using t-SNE.},
  author={Van der Maaten, Laurens and Hinton, Geoffrey},
  journal={Journal of machine learning research},
  volume={9},
  number={11},
  year={2008}
}